@book{arakawa2014bernoulli,
  title={Bernoulli numbers and zeta functions},
  author={Arakawa, Tsuneo and Ibukiyama, Tomoyoshi and Kaneko, Masanobu and Zagier, Don},
  year={2014},
  publisher={Springer}
}
