@article{Schneider_2020,
   title={Analysis and combinatorics of partition zeta functions},
   ISSN={1793-7310},
   url={http://dx.doi.org/10.1142/S1793042120400023},
   DOI={10.1142/s1793042120400023},
   journal={International Journal of Number Theory},
   publisher={World Scientific Pub Co Pte Lt},
   author={Schneider, Robert and Sills, Andrew V.},
   year={2020},
   month={Feb},
   pages={1â€“10}
}

@book{gardiner2002understanding,
  title={Understanding infinity: the mathematics of infinite processes},
  author={Gardiner, Anthony},
  year={2002},
  publisher={Courier Corporation}
}
